SystemTime[SystemTime],Vol. inst. value[Y_y_tempCompVolFlow],Vol. integrated value[Y_y_VolFlowSum],Vol. average integrated value[P_x_CALCVolFlowSumMean],Vol. integration time[Y_y_VolFlowTimeSum]
07:44:34 PM,6.3822,0.0000,3.2749,0.0
07:44:35 PM,6.4129,0.0018,0.0000,1.0
07:44:36 PM,6.3846,0.0053,6.4298,3.0
07:44:37 PM,6.3917,0.0053,6.3271,3.0
07:44:38 PM,6.4048,0.0071,6.3271,4.0
07:44:39 PM,6.3960,0.0089,6.3900,5.0
07:44:40 PM,6.3912,0.0106,6.4080,6.0
07:44:41 PM,6.3823,0.0124,6.3600,7.0
07:44:42 PM,6.3869,0.0142,6.3700,8.0
07:44:43 PM,6.4013,0.0160,6.3838,9.0
07:44:44 PM,6.3841,0.0177,6.3889,10.0
07:44:45 PM,6.3880,0.0195,6.3720,11.0
07:44:46 PM,6.3812,0.0213,6.3818,12.0
07:44:47 PM,6.4197,0.0231,6.3858,13.0
07:44:48 PM,6.3967,0.0248,6.3931,14.0
07:44:49 PM,6.3761,0.0267,6.3771,15.0
07:44:50 PM,6.4005,0.0284,6.4013,16.0
07:44:51 PM,6.4225,0.0302,6.3900,17.0
07:44:52 PM,6.3797,0.0320,6.3924,18.0
07:44:53 PM,6.4092,0.0337,6.3972,19.0
07:44:54 PM,6.5114,0.0355,6.3853,20.0
07:44:55 PM,6.5743,0.0373,6.3875,21.0
07:44:56 PM,6.5513,0.0391,6.3919,22.0
07:44:57 PM,6.5452,0.0410,6.3959,23.0
07:44:58 PM,6.5641,0.0428,6.4130,24.0
07:44:59 PM,6.5375,0.0446,6.4179,25.0
07:45:00 PM,6.5544,0.0464,6.4224,26.0
07:45:01 PM,6.6104,0.0482,6.4227,27.0
07:45:02 PM,6.5822,0.0500,6.4267,28.0
07:45:03 PM,6.5843,0.0519,6.4268,29.0
07:45:04 PM,6.5696,0.0537,6.4410,30.0
07:45:05 PM,6.6010,0.0555,6.4407,31.0
07:45:06 PM,6.5852,0.0574,6.4452,32.0
07:45:07 PM,6.5852,0.0592,6.6584,33.0
07:45:08 PM,6.6182,0.0629,6.4567,35.0
07:45:09 PM,6.5820,0.0629,6.4683,35.0
07:45:10 PM,6.5931,0.0647,6.4683,36.0
07:45:11 PM,6.5714,0.0665,6.4686,37.0
07:45:12 PM,6.5567,0.0684,6.4689,38.0
07:45:13 PM,6.5500,0.0702,6.4773,39.0
07:45:14 PM,6.5675,0.0720,6.4800,40.0
07:45:15 PM,6.5527,0.0738,6.4787,41.0
07:45:16 PM,6.5392,0.0756,6.4800,42.0
07:45:17 PM,6.5577,0.0775,6.4788,43.0
07:45:18 PM,6.5133,0.0793,6.4884,44.0
07:45:19 PM,6.4959,0.0811,6.4859,45.0
07:45:20 PM,6.4880,0.0829,6.4869,46.0
07:45:21 PM,6.4758,0.0847,6.4878,47.0
07:45:22 PM,6.4873,0.0865,6.4866,48.0
07:45:23 PM,6.4300,0.0883,6.4864,49.0
07:45:24 PM,6.2342,0.0901,6.4853,50.0
07:45:25 PM,6.2762,0.0919,6.4872,51.0
07:45:26 PM,6.3172,0.0936,6.4861,52.0
07:45:27 PM,6.2859,0.0954,6.4790,53.0
07:45:28 PM,6.3171,0.0972,6.4800,54.0
07:45:29 PM,6.2951,0.0989,6.4781,55.0
07:45:30 PM,6.2972,0.1006,6.4735,56.0
07:45:31 PM,6.3164,0.1024,6.4671,57.0
07:45:32 PM,6.2852,0.1041,6.4674,58.0
07:45:33 PM,6.2938,0.1059,6.4605,59.0
07:45:34 PM,6.2898,0.1076,6.4617,60.0
07:45:35 PM,6.2638,0.1094,6.4552,61.0
07:45:36 PM,6.2969,0.1111,6.4556,62.0
07:45:37 PM,6.2975,0.1129,6.4493,63.0
07:45:38 PM,6.2836,0.1146,6.4506,64.0
07:45:39 PM,6.3075,0.1164,6.4455,65.0
07:45:40 PM,6.2783,0.1181,6.4460,66.0
07:45:41 PM,6.3102,0.1199,6.4403,67.0
07:45:42 PM,6.2845,0.1216,6.4409,68.0
07:45:43 PM,6.2913,0.1234,6.4376,69.0
07:45:44 PM,6.3010,0.1251,6.4383,70.0
07:45:45 PM,6.2854,0.1269,6.4330,71.0
07:45:46 PM,6.3147,0.1286,6.4337,72.0
07:45:47 PM,6.2648,0.1304,6.4293,73.0
07:45:48 PM,6.2882,0.1321,6.4293,74.0
07:45:49 PM,6.3216,0.1338,6.4265,75.0
07:45:50 PM,6.2926,0.1356,6.4224,76.0
07:45:51 PM,6.2895,0.1374,6.4225,77.0
07:45:52 PM,6.3250,0.1391,6.4232,78.0
07:45:53 PM,6.2760,0.1408,6.4194,79.0
07:45:54 PM,6.2908,0.1426,6.4156,80.0
07:45:55 PM,6.2920,0.1443,6.4164,81.0
07:45:56 PM,6.2912,0.1461,6.4133,82.0
07:45:57 PM,6.3107,0.1478,6.4141,83.0
07:45:58 PM,6.3163,0.1496,6.4106,84.0
07:45:59 PM,6.3084,0.1513,6.4108,85.0
07:46:00 PM,6.2812,0.1531,6.4074,86.0
07:46:01 PM,6.3223,0.1549,6.4083,87.0
07:46:02 PM,6.3135,0.1566,6.4091,88.0
07:46:03 PM,6.3083,0.1584,6.4058,89.0
07:46:04 PM,6.2837,0.1601,6.4066,90.0
07:46:05 PM,6.2945,0.1619,6.4034,91.0
07:46:06 PM,6.3073,0.1636,6.4043,92.0
07:46:07 PM,6.2958,0.1654,6.4012,93.0
07:46:08 PM,6.2841,0.1671,6.4015,94.0
07:46:09 PM,6.3121,0.1688,6.3985,95.0
07:46:10 PM,6.2934,0.1706,6.3966,96.0
07:46:11 PM,6.2841,0.1723,6.3975,97.0
07:46:12 PM,6.3033,0.1741,6.3946,98.0
07:46:13 PM,6.3195,0.1758,6.3950,99.0
07:46:14 PM,6.2870,0.1776,6.3922,100.0
07:46:15 PM,6.2792,0.1794,6.3931,101.0
07:46:16 PM,6.2951,0.1811,6.3940,102.0
07:46:17 PM,6.2738,0.1828,6.3913,103.0
07:46:18 PM,6.3211,0.1846,6.3891,104.0
07:46:19 PM,6.2922,0.1863,6.3900,105.0
07:46:20 PM,6.2802,0.1881,6.3870,106.0
07:46:21 PM,6.3046,0.1898,6.3878,107.0
07:46:22 PM,6.2866,0.1916,6.3853,108.0
07:46:23 PM,6.2917,0.1933,6.3857,109.0
07:46:24 PM,6.3038,0.1951,6.3833,110.0
07:46:25 PM,6.3054,0.1968,6.3851,111.0
07:46:26 PM,6.3270,0.1986,6.3827,112.0
07:46:27 PM,6.3195,0.2003,6.3831,113.0
07:46:28 PM,6.3090,0.2021,6.3808,114.0
